
@article{Agrawal2009,
  title = {Correlated Link Shadow Fading in Multi-Hop Wireless Networks},
  author = {Agrawal, Piyush and Patwari, Neal},
  year = {2009},
  month = aug,
  volume = {8},
  pages = {4024--4036},
  publisher = {{Institute of Electrical and Electronics Engineers (IEEE)}},
  doi = {10.1109/twc.2009.071293},
  journal = {IEEE Trans. Wireless Commun.},
  number = {8}
}

@inproceedings{Amin2020,
  title = {Geo-{{Indistinguishablility}} for {{Crowdsourced}}-{{Based Radio Environment Map Construction}}},
  author = {Amin, Shahira and Li, Liang and Guo, Yuanxiong and Pan, Miao and Gong, Yanmin},
  year = {2020},
  month = dec,
  pages = {1--6},
  publisher = {{IEEE}},
  address = {{Taipei, Taiwan}},
  doi = {10.1109/GLOBECOM42002.2020.9348142},
  booktitle = {{{GLOBECOM}}}
}

@article{Blei2017,
  title = {Variational Inference: {{A}} Review for Statisticians},
  author = {Blei, David M. and Kucukelbir, Alp and McAuliffe, Jon D.},
  year = {2017},
  volume = {112},
  pages = {859--877},
  doi = {10.1080/01621459.2017.1285773},
  archiveprefix = {arXiv},
  arxivid = {1601.00670},
  eprint = {1601.00670},
  eprinttype = {arxiv},
  journal = {J. Am. Stat. Assoc.},
  number = {518},
  primaryclass = {stat.CO}
}

@article{Calandra2016,
  title = {Manifold {{Gaussian Processes}} for {{Regression}}},
  author = {Calandra, Roberto and Peters, Jan and Rasmussen, Carl Edward and Deisenroth, Marc Peter},
  year = {2016},
  month = apr,
  archiveprefix = {arXiv},
  eprint = {1402.5876},
  eprinttype = {arxiv},
  journal = {arXiv:1402.5876 [cs, stat]},
  primaryclass = {cs, stat}
}

@incollection{Cho2010,
  title = {The Wireless Channel: {{Propagation}} and Fading},
  booktitle = {{{MIMO}}-{{OFDM}} Wireless Communications with {{MATLAB}}},
  author = {Cho, Yong Soo and Kim, Jaekwon and Yang, Won Y. and Kang, Chung G.},
  year = {2010},
  pages = {4--8},
  publisher = {{John Wiley \& Sons}}
}

@article{DallAnese2011,
  title = {Channel Gain Map Tracking via Distributed Kriging},
  author = {Dall'Anese, Emiliano and Kim, Seung-Jun and Giannakis, Georgios B.},
  year = {2011},
  month = mar,
  volume = {60},
  pages = {1205--1211},
  publisher = {{IEEE}},
  doi = {10.1109/TVT.2011.2113195},
  journal = {IEEE Trans. Veh. Technol.},
  number = {3}
}

@inproceedings{Damianou2013,
  title = {Deep {{Gaussian}} Processes},
  author = {Damianou, Andreas and Lawrence, Neil D.},
  editor = {Carvalho, Carlos M. and Ravikumar, Pradeep},
  year = {2013},
  month = apr,
  volume = {31},
  pages = {207--215},
  publisher = {{PMLR}},
  address = {{Scottsdale, Arizona, USA}},
  pdf = {http://proceedings.mlr.press/v31/damianou13a.pdf},
  booktitle = {Int. {{Conf}}. {{Artif}}. {{Intell}}. {{Stat}}.}
}

@article{Ding2014,
  title = {Robust Spectrum Sensing with Crowd Sensors},
  author = {Ding, Guoru and Wang, Jinlong and Wu, Qihui and Zhang, Linyuan and Zou, Yulong and Yao, Yu-Dong and Chen, Yingying},
  year = {2014},
  month = sep,
  volume = {62},
  pages = {3129--3143},
  publisher = {{IEEE}},
  doi = {10.1109/tcomm.2014.2346775},
  journal = {IEEE Trans. Commun.},
  number = {9}
}

@article{Ding2018,
  title = {Spectrum Inference in Cognitive Radio Networks: {{Algorithms}} and Applications},
  author = {Ding, Guoru and Jiao, Yutao and Wang, Jinlong and Zou, Yulong and Wu, Qihui and Yao, Yu-Dong and Hanzo, Lajos},
  year = {2018},
  volume = {20},
  pages = {150--182},
  publisher = {{Institute of Electrical and Electronics Engineers (IEEE)}},
  doi = {10.1109/comst.2017.2751058},
  journal = {IEEE Commun. Surveys Tuts.},
  number = {1}
}

@article{Dunlop2018,
  title = {How {{Deep Are Deep Gaussian Processes}}?},
  author = {Dunlop, Matthew M. and Girolami, Mark A. and Stuart, Andrew M. and Teckentrup, Aretha L.},
  year = {2018},
  month = aug,
  archiveprefix = {arXiv},
  eprint = {1711.11280},
  eprinttype = {arxiv},
  journal = {arXiv:1711.11280 [math, stat]},
  primaryclass = {math, stat}
}

@phdthesis{Duvenaud2014a,
  title = {Automatic Model Construction with {{Gaussian}} Processes},
  author = {Duvenaud, David Kristjanson},
  year = {2014},
  pages = {144},
  doi = {10.17863/CAM.14087},
  copyright = {Attribution-ShareAlike 2.0 UK: England \& Wales},
  language = {English},
  number = {June},
  school = {University of Cambridge}
}

@article{Gardner2019,
  title = {{{GPyTorch}}: {{Blackbox Matrix}}-{{Matrix Gaussian Process Inference}} with {{GPU Acceleration}}},
  shorttitle = {{{GPyTorch}}},
  author = {Gardner, Jacob R. and Pleiss, Geoff and Bindel, David and Weinberger, Kilian Q. and Wilson, Andrew Gordon},
  year = {2019},
  month = jan,
  archiveprefix = {arXiv},
  eprint = {1809.11165},
  eprinttype = {arxiv},
  journal = {arXiv:1809.11165 [cs, stat]},
  primaryclass = {cs, stat}
}

@article{Gneiting2007,
  title = {Strictly Proper Scoring Rules, Prediction, and Estimation},
  author = {Gneiting, Tilmann and Raftery, Adrian E.},
  year = {2007},
  month = mar,
  volume = {102},
  pages = {359--378},
  doi = {10.1198/016214506000001437},
  journal = {J. Amer. Statist. Assoc.},
  mendeley-groups = {000 math,Spatial Statistics},
  number = {477}
}

@article{Gudmundson1991,
  title = {Correlation Model for Shadow Fading in Mobile Radio Systems},
  author = {Gudmundson, M.},
  year = {1991},
  volume = {27},
  pages = {2145},
  doi = {10.1049/el:19911328},
  journal = {Electronics Letters},
  number = {23}
}

@article{Han2019,
  title = {Radio Environment Map Construction by Kriging Algorithm Based on Mobile Crowd Sensing},
  author = {Han, Zhifeng and Liao, Jianxin and Qi, Qi and Sun, Haifeng and Wang, Jingyu},
  year = {2019},
  volume = {2019},
  doi = {10.1155/2019/4064201},
  journal = {Wirel. Commun. Mob. Comput.}
}

@article{Haykin2005,
  title = {Cognitive Radio: {{Brain}}-Empowered Wireless Communications},
  author = {Haykin, Simon},
  year = {2005},
  volume = {23},
  pages = {201--220},
  doi = {10.1109/JSAC.2004.839380},
  journal = {IEEE J. Sel. Areas Commun.},
  number = {2}
}

@inproceedings{Hu2019,
  title = {Differentially-{{Private Incentive Mechanism}} for {{Crowdsourced Radio Environment Map Construction}}},
  author = {Hu, Yidan and Zhang, Rui},
  year = {2019},
  month = apr,
  pages = {1594--1602},
  publisher = {{IEEE}},
  address = {{Paris, France}},
  doi = {10.1109/INFOCOM.2019.8737512},
  booktitle = {{{IEEE INFOCOM}}}
}

@article{Hu2020,
  title = {A Spatiotemporal Approach for Secure Crowdsourced Radio Environment Map Construction},
  author = {Hu, Yidan and Zhang, Rui},
  year = {2020},
  month = aug,
  volume = {28},
  pages = {1790--1803},
  publisher = {{Institute of Electrical and Electronics Engineers (IEEE)}},
  doi = {10.1109/tnet.2020.2992939},
  journal = {IEEE/ACM Trans. Netw.},
  number = {4}
}

@article{Jin2018,
  title = {Privacy-{{Preserving Crowdsourced Spectrum Sensing}}},
  author = {Jin, Xiaocong and Zhang, Yanchao},
  year = {2018},
  month = jun,
  volume = {26},
  pages = {1236--1249},
  doi = {10.1109/TNET.2018.2823272},
  journal = {IEEE/ACM Trans. Networking},
  number = {3}
}

@inproceedings{Katagiri2020,
  title = {Radio Environment Map Updating Procedure Considering Change of Surrounding Environment},
  author = {Katagiri, Keita and Fujii, Takeo},
  year = {2020},
  month = apr,
  publisher = {{IEEE}},
  doi = {10.1109/wcncw48565.2020.9124802},
  booktitle = {{{IEEE WCNC Workshops}}}
}

@article{Koriyama2020a,
  title = {An Introduction of {{Gaussian}} Processes and Deep {{Gaussian}} Processes and Their Applications to Speech Processing},
  author = {Koriyama, Tomoki},
  year = {2020},
  month = mar,
  volume = {41},
  pages = {457--464},
  doi = {10.1250/ast.41.457},
  journal = {Acoust. Sci. \& Tech.},
  language = {en},
  number = {2}
}

@article{Lee2018,
  title = {Deep {{Neural Networks}} as {{Gaussian Processes}}},
  author = {Lee, Jaehoon and Bahri, Yasaman and Novak, Roman and Schoenholz, Samuel S. and Pennington, Jeffrey and {Sohl-Dickstein}, Jascha},
  year = {2018},
  month = mar,
  archiveprefix = {arXiv},
  eprint = {1711.00165},
  eprinttype = {arxiv},
  journal = {arXiv:1711.00165 [cs, stat]},
  primaryclass = {cs, stat}
}

@incollection{Li2018,
  title = {Recent Advances in Radio Environment Map: {{A}} Survey},
  booktitle = {Machine Learning and Intelligent Communications},
  author = {Li, Jingming and Ding, Guoru and Zhang, Xiaofei and Wu, Qihui},
  year = {2018},
  volume = {226 LNICST},
  pages = {247--257},
  publisher = {{Springer International Publishing}},
  doi = {10.1007/978-3-319-73564-1_25}
}

@article{Mitola1999,
  title = {Cognitive Radio: Making Software Radios More Personal},
  author = {Mitola, J. and Maguire, G. Q.},
  year = {1999},
  volume = {6},
  pages = {13--18},
  doi = {10.1109/98.788210},
  journal = {IEEE Pers. Commun.}
}

@inproceedings{Naikwadi2020a,
  title = {A {{Survey}} of {{Artificial Neural Network}} Based {{Spectrum Inference}} for {{Occupancy Prediction}} in {{Cognitive Radio Networks}}},
  author = {Naikwadi, Mudassar H. and Patil, Kishor P.},
  year = {2020},
  month = jun,
  pages = {903--908},
  publisher = {{IEEE}},
  address = {{Tirunelveli, India}},
  doi = {10.1109/ICOEI48184.2020.9143053},
  booktitle = {{{ICOEI}}}
}

@article{Ober2021,
  title = {The {{Promises}} and {{Pitfalls}} of {{Deep Kernel Learning}}},
  author = {Ober, Sebastian W. and Rasmussen, Carl E. and {van der Wilk}, Mark},
  year = {2021},
  month = feb,
  archiveprefix = {arXiv},
  eprint = {2102.12108},
  eprinttype = {arxiv},
  journal = {arXiv:2102.12108 [cs, stat]},
  primaryclass = {cs, stat}
}

@article{Olsen2010,
  title = {The {{Geometry}} of {{M\"obius Transformations}}},
  author = {Olsen, John},
  year = {2010},
  pages = {37},
  journal = {University of Rochester},
  language = {en}
}

@inproceedings{Perrin1999,
  title = {Modelling of {{Non}}-{{Stationary Spatial Structure Using Parametric Radial Basis Deformations}}},
  booktitle = {{{geoENV II}} \textemdash{} {{Geostatistics}} for {{Environmental Applications}}},
  author = {Perrin, O. and Monestiez, P.},
  editor = {{G{\'o}mez-Hern{\'a}ndez}, Jaime and Soares, Am{\'i}lcar and Froidevaux, Roland},
  year = {1999},
  pages = {175--186},
  publisher = {{Springer Netherlands}},
  address = {{Dordrecht}},
  doi = {10.1007/978-94-015-9297-0_15},
  language = {en}
}

@article{Pesko2014,
  title = {Radio Environment Maps: {{The}} Survey of Construction Methods},
  author = {Pesko, MarkoJavornik and Toma{\v z}Ko{\v s}ir, Andrej{\v S}tular and MitjaMohor{\v c}i{\v c}, Mihael},
  year = {2014},
  month = nov,
  volume = {8},
  publisher = {{Korean Society for Internet Information (KSII)}},
  doi = {10.3837/tiis.2014.11.008},
  journal = {KSII Trans. Internet Inf. Syst.},
  number = {11}
}

@inproceedings{Phillips2012,
  title = {Practical Radio Environment Mapping with Geostatistics},
  author = {Phillips, Caleb and Ton, Michael and Sicker, Douglas and Grunwald, Dirk},
  year = {2012},
  month = oct,
  pages = {422--433},
  publisher = {{IEEE}},
  address = {{Bellevue, WA, USA}},
  doi = {10.1109/DYSPAN.2012.6478166},
  booktitle = {{{IEEE Int}}. {{Symp}}. {{Dyn}}. {{Spectr}}. {{Access Networks}}}
}

@book{Rasmussen2006,
  title = {Gaussian Processes for Machine Learning},
  author = {Rasmussen, Carl Edward and Williams, Christopher K. I.},
  year = {2006},
  publisher = {{MIT Press}},
  address = {{Cambridge, Mass}},
  language = {en},
  lccn = {QA274.4 .R37 2006}
}

@article{Salimbeni2017a,
  title = {Doubly {{Stochastic Variational Inference}} for {{Deep Gaussian Processes}}},
  author = {Salimbeni, Hugh and Deisenroth, Marc},
  year = {2017},
  month = nov,
  archiveprefix = {arXiv},
  eprint = {1705.08933},
  eprinttype = {arxiv},
  journal = {arXiv:1705.08933 [stat]},
  primaryclass = {stat}
}

@inproceedings{Salimbeni2017b,
  title = {Deeply Non-Stationary {{Gaussian}} Processes},
  booktitle = {Proc. {{NIPS Workshop Bayesian Deep Learn}}.},
  author = {Salimbeni, Hugh and Deisenroth, Marc Peter},
  year = {2017}
}

@article{Sato2017,
  title = {Kriging-Based Interference Power Constraint: {{Integrated}} Design of the Radio Environment Map and Transmission Power},
  author = {Sato, Koya and Fujii, Takeo},
  year = {2017},
  month = mar,
  volume = {3},
  pages = {13--25},
  publisher = {{Institute of Electrical and Electronics Engineers (IEEE)}},
  doi = {10.1109/tccn.2017.2653189},
  journal = {IEEE Trans. on Cogn. Commun. Netw.},
  number = {1}
}

@article{Sauer2020,
  title = {Active Learning for Deep Gaussian Process Surrogates},
  author = {Sauer, Annie and Gramacy, Robert B. and Higdon, David},
  year = {2020},
  month = dec,
  archiveprefix = {arXiv},
  eprint = {2012.08015},
  eprinttype = {arxiv},
  journal = {arXiv:2012.08015 [stat]},
  primaryclass = {stat}
}

@article{Ton2012,
  title = {{{CRAWDAD}} Dataset Cu/Wimax (v. 2012-06-01)},
  author = {Ton, Michael and Phillips, Caleb},
  year = {2012},
  publisher = {{Community Resource for Archiving Wireless Data at Dartmouth (CRAWDAD)}},
  doi = {10.15783/C7BC76},
  language = {English}
}

@article{vanderWilk2020a,
  title = {A {{Framework}} for {{Interdomain}} and {{Multioutput Gaussian Processes}}},
  author = {{van der Wilk}, Mark and Dutordoir, Vincent and John, S. T. and Artemev, Artem and Adam, Vincent and Hensman, James},
  year = {2020},
  month = mar,
  archiveprefix = {arXiv},
  eprint = {2003.01115},
  eprinttype = {arxiv},
  journal = {arXiv:2003.01115 [cs, stat]},
  primaryclass = {cs, stat}
}

@article{Vu2021,
  title = {Modeling {{Nonstationary}} and {{Asymmetric Multivariate Spatial Covariances}} via {{Deformations}}},
  author = {Vu, Quan and {Zammit-Mangion}, Andrew and Cressie, Noel},
  year = {2021},
  month = jan,
  archiveprefix = {arXiv},
  eprint = {2004.08724},
  eprinttype = {arxiv},
  journal = {arXiv:2004.08724 [stat]},
  primaryclass = {stat}
}

@article{Wilson2013,
  title = {Gaussian {{Process Kernels}} for {{Pattern Discovery}} and {{Extrapolation}}},
  author = {Wilson, Andrew Gordon and Adams, Ryan Prescott},
  year = {2013},
  month = dec,
  archiveprefix = {arXiv},
  eprint = {1302.4245},
  eprinttype = {arxiv},
  journal = {arXiv:1302.4245 [cs, stat]},
  primaryclass = {cs, stat}
}

@inproceedings{Wilson2019,
  title = {Deep Kernel Learning},
  author = {Wilson, Andrew Gordon and Hu, Zhiting and Salakhutdinov, Ruslan and Xing, Eric P.},
  year = {2019},
  month = nov,
  volume = {51},
  pages = {370--378},
  eprint = {1511.02222},
  booktitle = {Proc. 19th {{AISTATS}}}
}

@article{Xu2021,
  title = {Radio {{Environment Map Construction Based}} on {{Spatial Statistics}} and {{Bayesian Hierarchical Model}}},
  author = {Xu, Yi-Qun and Zhang, Bangning and Ding, Guoru and Zhao, Bing and Li, Shengnan and Guo, Daoxing},
  year = {2021},
  pages = {1--13},
  doi = {10.1109/TCCN.2021.3066566},
  copyright = {All rights reserved},
  journal = {IEEE Trans. Cogn. Commun. Netw.}
}

@article{Zammit-Mangion2020,
  title = {Deep {{Compositional Spatial Models}}},
  author = {{Zammit-Mangion}, Andrew and Ng, Tin Lok James and Vu, Quan and Filippone, Maurizio},
  year = {2020},
  month = apr,
  archiveprefix = {arXiv},
  eprint = {1906.02840},
  eprinttype = {arxiv},
  journal = {arXiv:1906.02840 [stat]},
  primaryclass = {stat}
}


